4750 5920
1191 549 1417 627 ...12.

479 757 742 910 iii'iiii
760 752 1021 908 titud·
1029 752 1177 905 iiiiii}
1195 753 1445 904 11111111
1456 772 1566 902 li&
1576 752 1818 904 diiii‘id
1838 753 2156 918 tttttd‘d

520 891 529 908 ι
612 888 621 908 e
731 891 740 907 ο
1347 883 1356 918 q
1808 885 1817 902 ι
1988 889 1996 904 ι
2051 887 2064 906 ,.

482 940 522 996 et
542 933 574 995 in
596 945 696 996 versu
720 889 830 997 ultimi)
853 925 959 1011 x1tt3
982 925 1100 990 desunt
1121 935 1231 990 comta
1254 925 1296 990 ab
1318 924 1408 988 initio
1430 940 1546 990 veram
1568 925 1734 1008 penultimi
1756 934 1796 989 et:
1812 923 1915 987 ultimi
1934 930 2061 992 numeri
2082 929 2120 994 11.

486 1026 490 1036 “
594 1016 687 1101 [Cap.
709 1013 842 1093 XXIX]
887 1012 938 1076 De
971 1013 1180 1096 generatione
1212 1009 1444 1076 lateroulorarn
1473 1031 1650 1098 somnique
1678 1011 1866 1076 definitione
1896 1011 1950 1075 vel
1971 1010 2012 1076 de
2032 1031 2154 1098 genere

486 1120 663 1169 euneonnn
687 1119 862 1186 eorumque
885 1099 1079 1165 definitione.
1101 1131 1145 1148 --
1166 1095 1434 1181 latitudinemque
1455 1097 1570 1184 aequis
1596 1117 1638 1162 ra.
1662 1119 1693 1162 a.
1716 1097 1748 1163 d.
1771 1095 1820 1162 ff·
1840 1094 1872 1160 d.
1894 1093 1926 1160 lr.
1947 1116 1992 1160 m.
2014 1095 2056 1162 L.
2077 1106 2153 1167 ruet

486 1189 605 1254 desunt
639 1188 734 1273 eulpa
769 1187 955 1270 bibliopegi.
979 1218 1020 1234 -
1054 1185 1088 1248 in
1120 1185 1228 1248 minus
1259 1182 1352 1248 deest
1378 1183 1422 1247 in.
1444 1212 1488 1237 ....
1507 1180 1642 1260 Emddee
1663 1183 1805 1250 donades
1827 1180 1935 1269 (laege
1956 1181 2153 1267 aarldea}

487 1310 531 1328 ····
548 1282 770 1362 moueantur
802 1281 1020 1357 procreantur.
1053 1307 1097 1320 -
1119 1269 1293 1354 Spdmuei
1314 1268 1452 1352 Sperioi.
1485 1305 1530 1318 -
1562 1269 1713 1336 maeatae
1741 1269 1885 1333 emioloe.
1908 1303 1950 1318 -
1972 1267 2008 1332 lei
2030 1269 2087 1335 ltii.
2110 1305 2153 1318 -

487 1377 621 1428 mettere
643 1369 823 1426 creverunt.
846 1395 889 1408 --
914 1355 1331 1442 metanomiam
1355 1359 1518 1441 suotqni.
1696 1427 1700 1434 ,

579 1447 671 1530 [Cup.
693 1446 811 1524 XXX]
856 1444 907 1509 Do
940 1445 1155 1510 circularibus
1188 1443 1243 1507 vel
1274 1441 1436 1525 spherieis
1471 1445 1623 1507 numeris.
1643 1443 1735 1504 t-'a‘e
1768 1439 1857 1505 ‘dmm
1887 1440 1941 1506 nel
1965 1440 2157 1526 pamma

487 1536 624 1601 aialious
646 1554 677 1598 v.
701 1534 858 1616 marinus
881 1565 925 1578 --
945 1529 999 1595 a'el
1017 1550 1124 1595 serem.
1147 1529 1201 1594 vel
1223 1547 1242 1592 a
1265 1547 1371 1593 senar.
1394 1562 1436 1576 —-
1457 1527 1485 1592 ὂ
1505 1528 1624 1594 deserit
1646 1526 1715 1592 des.
1765 1574 1772 1591 .
1795 1559 1836 1574 -·-
1857 1543 1989 1592 rmum
2012 1548 2041 1613 q.
2065 1528 2097 1594 d.
2119 1529 2155 1592 ite

488 1621 576 1686 easd.
599 1639 714 1684 rursus
737 1640 767 1702 q.
792 1618 822 1680 d.
845 1620 877 1682 in
899 1617 988 1680 eosd.
1011 1653 1055 1664 -
1078 1616 1183 1682 euenit
1205 1617 1340 1678 eveniet
1364 1651 1405 1664 --
1428 1615 1476 1680 Hi
1499 1614 1563 1679 1111.
1585 1649 1628 1665 ·-
1657 1612 1771 1700 aqalr'ai
1792 1631 1820 1678 u.
1843 1613 2007 1698 sphaerici
2027 1614 2100 1678 ciel.
2122 1635 2155 1679 v.

489 1708 618 1790 sperici.
643 1741 683 1752 —
701 1704 834 1788 proprii
857 1722 985 1787 semper
1018 1705 1109 1768 deest
1141 1719 1274 1786 semper.
1299 1735 1339 1746 -
1362 1707 1395 1764 et
1417 1701 1483 1766 alio
1505 1722 1563 1766 em.
1587 1699 1618 1766 d.
1642 1701 1661 1764 i.
1679 1719 1716 1784 p.
1739 1720 1770 1782 q.
1793 1700 1866 1786 ef.
1889 1722 1915 1764 e.
1939 1721 1988 1766 ae.
2012 1699 2044 1766 d.
2067 1721 2099 1765 a.
2116 1719 2155 1786 p.

481 1797 609 1881 puncta
639 1793 672 1856 in
702 1792 845 1874 margine
875 1792 994 1872 scripta
1025 1790 1066 1853 ab
1097 1788 1208 1854 eadem
1240 1807 1411 1851 mana-
1433 1787 1495 1852 Vv.
1519 1785 1676 1872 Splraem
1697 1804 1775 1849 aero
1799 1790 1847 1850 est
1871 1806 1974 1872 usque
1997 1787 2037 1852 ad
2054 1787 2157 1871 prius

487 1881 642 1963 coeperat
668 1875 755 1962 serti
786 1877 819 1939 tn
852 1878 997 1960 margine
1030 1874 1137 1940 addita
1171 1873 1356 1938 abeodem
1383 1891 1490 1940 mmru.
1512 1905 1556 1920 —-
1578 1869 1722 1958 sphaera
1745 1879 1804 1948 eet,
1827 1874 1954 1955 quoties
1976 1891 2072 1958 spera
2096 1884 2156 1938 est.

487 1965 657 2049 Quotiens.
679 1999 723 2008 -
745 1963 778 2025 ia
801 1982 834 2026 se
856 1960 981 2047 multip.
1005 1961 1120 2026 desunt
1142 1960 1176 2023 in
1197 1977 1241 2024 se.
1266 1995 1308 2008 -·-
1331 1964 1365 2024 et
1385 1961 1422 2036 ei,
1436 1959 1497 2024 leae
1518 1961 1636 2023 rursus
1657 1958 1758 2022 semel
1777 1958 1893 2023 desunt
1919 1964 1952 2023 et
1979 1970 2012 2022 et
2030 1977 2156 2023 rursus.

486 2105 531 2117 —
554 2067 588 2130 ln
623 2065 732 2132 tabula
766 2077 922 2149 sequente
954 2067 1083 2147 ponitur
1105 2062 1259 2130 DCXXV
1291 2083 1349 2146 pro
1385 2067 1447 2130 125
1480 2073 1511 2128 et
1541 2051 1704 2130 {dcxxv
1727 2081 1787 2147 pro
1810 2065 1884 2150 625,
1908 2065 1950 2126 ita
1974 2074 2008 2126 ut
2031 2062 2156 2128 medius

488 2157 581 2219 locus
604 2171 721 2217 vorsus
745 2151 846 2215 ultimi
869 2147 989 2216 nullutn
1012 2151 1129 2216 habeat
1156 2168 1331 2215 numerum.
1684 2172 1691 2188 ·
2138 2216 2142 2222 ¹

592 2237 711 2303 XXXI.
756 2236 806 2302 De
829 2257 869 2302 ea
891 2247 1003 2302 natura
1027 2256 1146 2320 rerum,
1169 2255 1252 2321 quae
1275 2235 1391 2301 dicitur
1412 2235 1556 2321 ejusdem
1579 2246 1723 2318 naturae,
1747 2244 1778 2298 et
1801 2255 1839 2299 ea
1863 2244 2007 2320 quaeest
2022 2235 2156 2301 alterius

488 2333 635 2408 naturae,
656 2335 689 2388 et
711 2327 765 2408 qui
788 2325 911 2387 numeri
935 2325 986 2386 uui
1009 2333 1143 2388 naturae
1165 2321 1330 2405 conjuncti
1352 2324 1427 2386 sint.
1448 2357 1491 2368 -—
1514 2324 1630 2408 quique
1651 2323 1685 2385 iu
1703 2320 1813 2387 Matlr.
1837 2321 1979 2406 quinque
1999 2324 2033 2385 in
2044 2321 2089 2387 Μ.
2113 2357 2156 2370 -

488 2411 616 2477 Desunt
638 2412 761 2493 reliqua
785 2410 859 2474 inde
882 2431 901 2474 a
924 2429 976 2472 vr.
999 2408 1034 2473 tu·
1054 2427 1165 2472 amam
1187 2408 1327 2473 ammam
1348 2416 1613 2494 autumnusque
1637 2409 1677 2470 nd
1699 2427 1770 2492 oap.
1794 2407 1941 2471 xxxttt.

576 2496 667 2580 [Cap.
691 2495 853 2578 xxxta]
896 2495 1010 2579 incipit
1040 2495 1144 2560 codex
1167 2513 1186 2560 n
1207 2511 1261 2559 vv.
1284 2491 1338 2559 Et
1357 2493 1405 2559 ad
1425 2494 1559 2558 eundem
1580 2493 1710 2558 modum
1732 2493 1858 2558 ceteris.
1882 2527 1923 2539 -·
1945 2509 1988 2556 aar
2008 2495 2159 2579 deperiat

488 2593 521 2648 et
550 2587 710 2666 saperius.
739 2619 782 2630 -
814 2581 840 2645 5
865 2581 997 2666 faaiuat
1025 2581 1056 2645 V
1085 2583 1245 2666 quinque,
1268 2580 1376 2643 deleto
1397 2591 1502 2644 tamen
1526 2601 1557 2645 v.
1582 2581 1796 2665 quinque.·-
1819 2580 1847 2643 si
1869 2577 1917 2643 bis
1939 2579 2029 2644 deest
2052 2581 2088 2646 si.
2113 2615 2157 2630 -

487 2669 627 2756 iutelliqi
648 2667 801 2753 intellegi.
826 2704 867 2714 -
885 2666 1041 2752 pandunt
1069 2666 1130 2730 lraa
1162 2666 1259 2731 mado
1288 2666 1404 2730 desunt
1429 2687 1480 2731 av.
1503 2667 1564 2731 lane
1586 2667 1693 2730 modo.
1716 2701 1759 2714 -
1780 2667 1816 2730 ln
1840 2683 1938 2730 versa
1955 2671 2047 2732 tertio
2065 2667 2157 2732 taba·

486 2757 542 2820 leo
569 2757 734 2840 sequentis
767 2765 827 2837 pro
859 2756 889 2818 9.
924 2757 954 2819 9.
985 2756 1037 2817 ta.
1069 2755 1119 2818 16.
1153 2752 1269 2837 legitur
1299 2751 1393 2816 Vllll.
1418 2751 1497 2817 Vlll.
1520 2751 1698 2818 x11.xvt.
1721 2787 1763 2800 -
1786 2768 1851 2836 qua
1873 2751 2046 2816 seeundum
2068 2751 2158 2839 quod

355 2883 357 2895 ι
488 2843 623 2907 senuna
656 2875 699 2887 —-
728 2846 763 2903 et
791 2839 838 2903 bis
867 2839 991 2923 multip.
1023 2837 1116 2902 deest
1146 2844 1187 2901 et.
1219 2873 1260 2885 -
1288 2840 1438 2902 adscitur
1470 2840 1648 2904 continenti
1669 2859 1757 2904 naso.
1782 2849 1811 2901 et
1836 2839 1954 2904 contin.
1976 2871 2019 2886 -
2037 2857 2157 2924 mace·

488 2928 572 2993 derat
594 2927 783 3010 producunt.
806 2962 849 2972 -
870 2925 921 2990 Et
942 2927 976 2988 ia
1009 2925 1151 3014 aequanti
1179 2924 1270 2989 deest
1298 2920 1358 2989 Et.
1381 2959 1424 2972 -
1442 2923 1486 3007 fit
1503 2933 1582 3010 port
1603 2925 1734 3010 quinae.
1758 2926 1794 2989 m
1816 2933 1850 2988 et
1872 2935 1944 3007 past
1967 2925 2092 3008 quinae.
2115 2955 2158 2970 -ο

489 3033 532 3080 aa
553 3015 686 3077 sertorio
710 3025 750 3074 ex
773 3013 913 3076 senario.

575 3097 736 3163 xxxtttt.
782 3097 876 3180 Quod
910 3114 952 3162 ex
984 3099 1148 3182 qnnrlratie
1181 3107 1211 3160 et
1244 3107 1333 3180 parte
1366 3097 1467 3162 attera
1498 3098 1701 3178 longioribus
1728 3098 1832 3159 ornnis
1866 3097 2041 3162 foratarum
2075 3097 2160 3161 ratio

489 3188 655 3252 mosistat.
689 3216 731 3231 ω
761 3191 1020 3268 pernotarentur
1050 3195 1325 3268 praenotarentur.
1358 3217 1400 3228 -
1441 3181 1676 3266 adscripsimus
1718 3182 1959 3260 descripsimus.
1990 3219 2032 3229 -
2066 3181 2159 3266 Quae

488 3281 668 3357 sequnntur
689 3271 723 3332 in
747 3271 809 3332 fine
833 3272 929 3333 huius
951 3274 1066 3356 eapltis
1090 3286 1193 3354 usque
1218 3270 1256 3334 nd
1282 3287 1341 3337 vv:
1358 3269 1544 3353 eopxttx
1555 3270 1606 3334 At
1629 3268 1784 3354 diapente
1805 3264 1854 3332 12
1877 3267 1924 3333 acl
1939 3265 1980 3353 8,
2003 3269 2159 3354 quoniam

488 3377 529 3426 ea
552 3375 636 3444 qaae
658 3357 774 3421 desunt
795 3357 828 3420 in
850 3355 972 3422 codiee.

580 3443 672 3526 [Gap.
695 3439 809 3506 xutx.
855 3443 908 3506 De
938 3443 1144 3530 qeometrica
1175 3439 1380 3526 harmonia]
1411 3441 1627 3526 sesquialtera
1661 3443 1874 3525 sesqualtera.
1907 3473 1949 3486 --
1983 3442 2162 3524 repetitam

491 3531 667 3614 [liupaton
691 3545 768 3592 aero
793 3546 876 3612 quae
899 3547 940 3592 ea
963 3529 1085 3614 dapdei
1107 3545 1209 3612 repar.
1233 3529 1327 3612 Diap.
1349 3549 1392 3604 v„
1406 3539 1436 3592 et
1459 3532 1609 3611 diapente
1631 3547 1715 3612 quae
1738 3528 1882 3610 triplicis.
1906 3525 1996 3589 -ln
2014 3529 2161 3610 margine

492 3618 599 3683 addita
623 3627 697 3680 sont
719 3625 793 3698 post
817 3614 970 3698 diapente
993 3633 1092 3700 qaae:
1116 3636 1156 3678 ex
1179 3615 1265 3698 dopl.
1290 3615 1432 3677 nascitur
1453 3633 1495 3677 ex
1516 3613 1575 3680 Xll
1598 3615 1639 3677 ad
1665 3611 1706 3674 Vl
1737 3633 1839 3697 comp.
1866 3612 2001 3698 produc.
2025 3611 2159 3697 Diapas.

490 3728 523 3770 v.
560 3715 590 3766 et
625 3703 708 3786 diap.
740 3721 833 3786 quae.
858 3738 897 3747 -
932 3701 1056 3766 adtinet
1078 3702 1209 3786 optinet.
1233 3736 1274 3747 —
1295 3698 1439 3784 danque
1460 3699 1553 3764 Nam.
1577 3735 1618 3748 -
1652 3698 1699 3764 bis
1729 3699 1893 3784 diapason
1923 3699 2016 3764 deest
2037 3698 2095 3766 tte.
2148 3726 2152 3734 ¹

579 3789 671 3873 [Cap.
696 3788 745 3866 L.]
791 3785 1068 3870 Quemadmodum
1095 3788 1277 3851 constitutis
1311 3787 1504 3853 altrinsecus
1531 3787 1658 3852 duobus
1689 3788 1831 3849 terminis
1862 3786 2057 3850 arithmetica
2080 3803 2159 3866 geo·

490 3879 624 3944 matrina
648 3883 680 3938 et
705 3878 865 3940 armonian
889 3877 971 3940 inter
994 3892 1051 3939 eos
1074 3874 1228 3937 medietas
1251 3873 1444 3937 alternentur
1467 3874 1547 3960 (stc)
1568 3877 1599 3937 in
1623 3891 1688 3956 quo
1707 3872 1747 3936 de
1762 3871 2159 3955 eorumgenerntionrirus.

491 3998 535 4014 -·
559 3967 718 4050 mutemus
741 3964 902 4046 quminns.
926 3995 967 4008 -
991 3960 1085 4025 aliud
1106 3960 1198 4024 alios.
1221 3991 1261 4005 -
1292 3958 1386 4023 aliud
1413 3960 1505 4025 alios.
1528 3995 1571 4006 --
1593 3957 1722 4042 quidem
1745 3961 1827 4022 inter
1850 3957 1905 4020 lin.
1929 3960 2091 4044 seriptum.
2116 3991 2157 4003 -

486 4050 531 4139 pt
560 4051 612 4113 sit.
642 4081 684 4094 -·
708 4048 829 4132 positis
859 4049 951 4112 deest
983 4047 1098 4114 vocab.
1129 4078 1169 4093 --
1193 4043 1440 4131 aequalitasque
1463 4045 1747 4130 aequabilitosque.
1771 4080 1812 4091 —
1835 4065 1858 4108 a
1881 4043 2093 4108 teminorum
2116 4043 2158 4108 ab

490 4144 578 4200 tetra.
605 4167 648 4180 --
671 4133 851 4218 quindenae
873 4134 1043 4216 quindena.
1069 4131 1213 4215 ——Qono
1236 4136 1380 4218 sequitur
1401 4135 1433 4197 in
1457 4133 1597 4194 editione
1619 4130 1728 4195 tabula
1750 4147 1967 4216 numerorum,
1992 4133 2022 4194 in
2042 4129 2159 4196 eodtce

491 4238 555 4286 non
580 4221 706 4303 legitur.
729 4252 773 4264 -
792 4220 902 4282 maior
922 4239 995 4284 aum
1019 4219 1062 4303 gt.
1085 4218 1153 4283 xt..
1176 4248 1222 4267 -v
1239 4218 1378 4283 medium
1401 4239 1475 4285 num
1499 4215 1657 4302 glxxv.
1681 4253 1714 4264 -
1741 4215 1899 4280 minorem
1913 4213 2158 4301 1111113111.-

492 4308 528 4374 ln
551 4308 798 4391 margineaem
820 4305 972 4390 leguntur
993 4306 1030 4371 11.
1053 4305 1105 4369 111
1129 4304 1192 4369 1111.
1216 4305 1258 4369 ·V.
1277 4305 1337 4370 vt·
1355 4339 1396 4357 --
1419 4305 1666 4370 eatrnmtntam
1695 4319 1766 4367 oum
1796 4303 1840 4384 gl.
1863 4302 1952 4367 xxt.
1974 4339 2017 4350 -—
2038 4299 2158 4366 ntedie⁴

493 4400 565 4460 tate
587 4413 659 4458 etrm
682 4393 726 4476 31.
750 4389 853 4458 XXV.
878 4427 919 4441 -
936 4391 1118 4478 proportio
1148 4412 1220 4457 cunr
1254 4392 1298 4476 gl.
1320 4391 1438 4478 duplas
1459 4387 1653 4475 sesqualter.
1679 4426 1723 4436 -
1743 4391 1851 4453 maiar
1872 4394 1922 4453 asi
1944 4399 1994 4454 est
2017 4390 2090 4452 nrai.
2112 4421 2159 4436 -

490 4480 639 4568 majores
662 4499 735 4546 aum
758 4480 801 4562 gl.
832 4478 1128 4564 superteipat'eieae
1147 4482 1292 4563 quintas.
1317 4515 1358 4528 -
1380 4480 1565 4544 commater
1587 4496 1660 4541 eum
1679 4474 1797 4558 giltas
1814 4495 1919 4560 supra
1937 4473 2163 4540 intertiatam.-

491 4600 536 4616 «-
558 4585 670 4633 eorum
691 4565 762 4650 diff.
785 4565 853 4630 titt.
875 4585 997 4631 eorum.
1020 4599 1063 4614 -
1083 4563 1205 4630 maiori
1223 4565 1305 4629 aina.
1327 4583 1400 4631 eum
1424 4565 1467 4646 gl.
1491 4561 1596 4628 artem
1616 4562 1685 4624 suis
1705 4563 1846 4646 quintia,
1870 4561 2041 4647 quinquies
2073 4557 2159 4626 ettt'n

498 4649 536 4718 V.
560 4645 674 4718 XXV.
699 4687 741 4700 -
764 4651 900 4716 minuta
933 4668 1006 4715 anta
1035 4653 1079 4738 31.
1102 4651 1148 4718 Χ.
1176 4657 1251 4716 tota
1279 4651 1384 4738 ipsias
1405 4664 1532 4718 summa
1553 4654 1586 4713 et
1605 4647 1745 4712 medam
1768 4649 1835 4712 elas
1856 4649 1877 4712 t'.
1906 4647 1943 4712 V.
1968 4681 2008 4693 -
2030 4646 2159 4712 maldt‘t

492 4731 567 4809 *c'un
588 4739 633 4826 gl.
655 4737 676 4808 i.
701 4733 803 4806 tridua
820 4737 893 4804 'aas
916 4735 1044 4814 actaeis
1066 4731 1096 4802 d.
1120 4751 1147 4806 a.
1171 4731 1275 4823 tribas
1293 4737 1465 4824 'quinarias
1488 4733 1765 4822 despumatis),
1788 4737 1866 4822 qaia
1886 4725 2165 4821 qu'iaqueaatauq*

491 4833 544 4896 aet
570 4845 657 4911 para
677 4814 755 4896 XL.
786 4861 831 4876 -
861 4823 931 4896 ete
959 4823 1190 4911 proprietates
1220 4845 1329 4910 propr.
1359 4823 1430 4892 soii.
1461 4832 1511 4872 -’
1530 4821 1692 4908 intelliqet
1714 4821 1889 4908 intelleget,
1912 4823 2061 4894 ultano-e
2081 4817 2161 4890 err-i

492 4925 658 4980 eorreete.
676 4926 721 4965 ·-⁴
750 4912 798 4980 aa
814 4911 981 4983 modim.
993 4929 1068 4978 urta
1084 4909 1294 4999 rglttqutlm
1316 4912 1404 4978 et'irt
1419 4913 1573 4998 mogins,
1590 4909 1613 4975 l.
1631 4909 1674 4976 tu
1695 4907 1821 4976 mxlv.
1842 4941 1886 4958 -
1907 4907 2161 4976 aarum
