4750 5920
643 1622 1352 1752 Fragmentum

435 1906 598 1982 Anicii
628 1903 809 1976 Murrlll
836 1902 1079 1992 Torquati
1110 1903 1336 1976 severint
1367 1899 1571 1980 nocent!

786 2101 852 2172 dc
874 2099 1208 2172 mecumtecum.

279 2363 409 2492 Quum
435 2397 762 2474 animadvertissem
789 2419 851 2490 ea,
889 2418 979 2492 quae
1014 2393 1060 2468 ad
1086 2391 1238 2468 studium
1265 2393 1507 2468 arithmeticae
1533 2389 1628 2492 apud
1650 2391 1833 2466 Botnanos

154 2513 307 2582 veteres
334 2505 530 2604 pertinent,
570 2497 724 2576 nondum
759 2521 842 2572 esse
875 2500 912 2570 iu
943 2520 1046 2570 unum
1082 2495 1239 2572 cohecta
1278 2520 1392 2594 neque
1419 2498 1454 2568 in
1481 2503 1620 2596 promtu
1647 2493 1693 2569 ad
1719 2497 1831 2570 aesti-

153 2605 341 2698 mandum,
384 2627 516 2705 operae
551 2608 701 2705 pretium
734 2625 817 2674 esse
852 2598 959 2694 duxi,
997 2607 1160 2698 quantum
1193 2603 1227 2672 in
1263 2621 1318 2673 me
1354 2602 1458 2672 situm
1485 2608 1560 2692 est,
1598 2623 1643 2673 ea
1669 2597 1833 2700 dispersa

152 2721 194 2784 et
232 2707 405 2808 dissipata
439 2711 649 2804 conquirere
691 2707 959 2802 conquisitisque
987 2707 1036 2776 ita
1071 2701 1257 2800 digerere,
1297 2709 1336 2775 ut
1375 2727 1446 2776 non
1473 2699 1579 2778 modo
1606 2701 1832 2778 fundamenta

153 2814 262 2912 quasi
296 2809 479 2888 doctrinae
515 2808 775 2900 arithmeticae,
817 2805 910 2908 apud
937 2805 1087 2881 Latinos
1122 2809 1255 2906 posita,
1297 2829 1375 2880 cum
1411 2808 1634 2882 incrementis
1671 2803 1832 2906 eJusdem

155 2913 390 3016 disciplhme,
427 2922 549 2988 nostra
584 2920 701 2986 aetate
733 2913 835 2984 nimis
867 2918 1030 3008 quantum
1057 2907 1238 3002 adauctis,
1266 2917 1531 3010 comparentur,
1568 2907 1766 2984 sedetiam
1793 2915 1833 2982 ut

153 3022 315 3110 rectius,
358 3041 459 3116 quam
500 3016 615 3112 vulgo
656 3013 732 3088 fieri
765 3011 879 3107 solet,
920 3011 966 3086 de
1000 3011 1169 3088 Bomams
1206 3035 1397 3111 eorumque
1431 3016 1580 3088 scientia
1611 3013 1832 3087 arithmetica

145 3121 315 3222 judicari
353 3125 478 3221 possit
540 3119 650 3216 Elegi
684 3141 775 3191 vero
817 3115 1048 3214 fragmentum
1074 3113 1217 3192 Boethii
1256 3113 1303 3191 de
1342 3115 1580 3210 arithmetica,
1618 3115 1714 3215 quod
1740 3119 1832 3190 iuter

153 3225 312 3298 lacinias
352 3221 514 3298 codicum
554 3225 728 3322 gymnasii
768 3223 880 3294 nostri
921 3229 1059 3314 exstat,
1101 3245 1204 3320 quum
1243 3220 1357 3296 verbu
1392 3219 1534 3296 Boethii
1575 3243 1681 3295 corru
1707 3229 1743 3294 tu
1782 3243 1831 3294 ex

155 3325 293 3402 codice
329 3323 400 3400 hoc
435 3335 560 3401 trunco
596 3328 732 3398 restitui
764 3327 902 3423 possint
929 3333 965 3398 et
991 3323 1166 3400 Boethius
1193 3327 1223 3397 is
1250 3327 1315 3420 sit,
1352 3328 1411 3424 qui
1441 3329 1476 3398 in
1508 3333 1585 3400 arte
1612 3247 1832 3400 arithmetice

152 3427 257 3532 apud
285 3428 466 3504 Romanos
494 3432 624 3530 optime
650 3435 829 3519 versatus,
857 3427 945 3502 lines
973 3432 1051 3526 ejus
1079 3427 1291 3529 amplissime
1317 3431 1547 3529 promoverit.

268 3531 392 3629 Atque
427 3531 525 3605 multi
552 3556 758 3634 persuasum
786 3529 933 3623 habent,
974 3530 1155 3606 Romanos
1182 3531 1430 3632 indisciplina
1457 3555 1698 3626 numerorum,
1726 3537 1831 3634 parvi

153 3637 359 3725 aestimata,
379 3633 408 3728 ¹)
422 3659 542 3735 parum
557 3634 692 3710 nihilve
710 3633 922 3735 proiecisse,
951 3633 1046 3734 quod
1065 3633 1128 3710 vel
1144 3637 1246 3734 signa
1264 3658 1485 3709 numerorum
1501 3635 1534 3728 ²]
1551 3634 1645 3736 apud
1661 3659 1726 3709 eos
1740 3662 1828 3737 pro-

152 3739 257 3831 bont,
287 3740 416 3838 quippe
443 3760 534 3836 quae
560 3737 782 3812 incommode
807 3747 844 3812 et
869 3736 1036 3811 inhabilia
1052 3737 1085 3832 ³⁴)
1112 3735 1370 3813 difficilioribus
1397 3737 1621 3840 computandi
1636 3739 1829 3815 rationibus

232 4073 261 4134 1)
283 4067 380 4122 Cicero
399 4065 482 4136 Epist.
503 4066 537 4120 od
556 4065 637 4122 huic.
658 4067 741 4130 xlv,
770 4073 803 4122 12
830 4067 874 4122 liu.
900 4065 1048 4124 Vestorium
1066 4067 1203 4122 hominem
1222 4072 1354 4122 remotum
1372 4084 1390 4118 u
1408 4066 1575 4132 dialceticis,
1603 4068 1631 4124 iu
1649 4071 1829 4126 urittunetieis

151 4137 231 4196 sutis
264 4135 447 4189 exercitatum
475 4137 569 4206 carpit.
615 4135 783 4204 Quibuscum
811 4137 845 4192 cl'.
871 4135 1056 4192 cio.'ruseu1.
1077 4135 1102 4201 Ι,
1130 4137 1199 4190 lde
1217 4137 1381 4206 geometria:
1408 4133 1445 4190 Iu
1467 4153 1576 4190 cumino
1603 4139 1683 4218 eliud
1700 4141 1829 4196 Graecos

151 4211 271 4265 honore
295 4204 445 4273 prouecta
469 4205 544 4274 ficit5
572 4211 604 4258 ot
629 4222 681 4259 uos
707 4204 836 4260 metiendi
863 4203 1106 4276 ratiocinandique
1132 4203 1251 4261 utilitate
1276 4205 1361 4278 hujus
1387 4205 1457 4259 ortis
1481 4205 1688 4262 terminocunue
1706 4209 1825 4264 niodum.

150 4275 372 4336 lllathcrnaticos
391 4281 482 4328 contre
508 4272 524 4324 i.
550 4283 702 4342 geonretras
721 4274 791 4346 allud
810 4275 885 4329 viros
904 4274 1023 4330 cruditos
1041 4273 1144 4330 Romae
1164 4276 1190 4328 in
1209 4275 1312 4330 honore
1331 4275 1417 4328 fuisso
1444 4275 1598 4346 complures
1618 4277 1762 4332 ostendunt
1782 4279 1827 4334 Gi·

150 4346 272 4405 ceronio
293 4341 346 4398 loci
365 4341 410 4410 (cl.
429 4341 462 4396 de
473 4341 549 4399 Orat.
569 4341 589 4404 l,
607 4347 632 4408 3,
653 4345 697 4406 10)
718 4351 743 4398 et
753 4341 885 4414 Ulpianus
904 4344 921 4397 l.
942 4350 965 4397 1.
986 4343 1045 4414 Dig.
1064 4347 1091 4406 L,
1113 4346 1154 4407 13,
1174 4344 1219 4414 qui
1234 4352 1385 4414 geometres
1402 4345 1428 4397 in
1444 4347 1826 4416 praeceptoribusstudiorum

149 4413 319 4478 liberalium
338 4420 470 4466 recenset.
498 4443 531 4453 -
557 4415 587 4478 2)
608 4411 648 4465 Dc
675 4409 768 4481 hguris
795 4429 984 4475 numerorum,
1013 4431 1126 4486 quorum
1154 4413 1309 4468 inventores
1329 4413 1435 4485 Dactyli
1463 4413 1479 4468 i.
1507 4413 1583 4482 digiti
1602 4429 1666 4468 esse
1690 4415 1826 4483 dicuntur,

149 4481 270 4544 Etrusci
292 4487 381 4536 nutem
399 4497 495 4534 revera
515 4477 601 4534 luisse
619 4479 753 4543 videntur,
773 4491 897 4551 superest
915 4479 1024 4536 libellus
1043 4482 1191 4544 Prisciani3
1214 4481 1249 4536 ct.
1269 4489 1295 4536 ot
1313 4481 1424 4536 Auctor.
1444 4481 1490 4538 lnt.
1510 4481 1550 4534 ed.
1570 4479 1694 4538 Gotholr.
1713 4503 1737 4556 p.
1759 4489 1827 4540 1477

149 4574 217 4630 sqq.
248 4550 351 4606 Eorum
380 4551 419 4608 ori
440 4551 511 4604 inem
536 4565 569 4602 ex
593 4549 673 4604 lineis
692 4549 854 4620 geometrico
873 4552 1030 4622 compositis
1048 4551 1117 4606 hene
1136 4549 1243 4606 deducit
1262 4549 1408 4608 Grotclend
1428 4549 1574 4608 Grammat.
1594 4549 1650 4606 Lot.
1669 4551 1702 4610 ll.
1722 4557 1746 4620 §-
1768 4559 1825 4610 no.

150 4660 186 4670 -
208 4627 241 4692 3)
263 4615 385 4674 Plinii.
434 4657 442 4671 .
466 4617 600 4684 texunt,
631 4624 663 4674 to
687 4637 726 4690 pr.
754 4619 820 4675 Nou
843 4626 905 4675 erat
931 4638 949 4674 o
989 4619 1160 4700 ductiquos
1184 4635 1314 4676 numento
1340 4617 1415 4674 ultro
1434 4625 1542 4674 eentum
1559 4619 1661 4685 millio,
1688 4622 1783 4694 itaque
1800 4626 1828 4678 el

150 4693 239 4750 hodie
259 4683 480 4758 multiplicantur
497 4685 583 4750 hoec,
603 4685 740 4742 tredecies
759 4694 872 4742 centena
890 4687 976 4744 milia
994 4697 1045 4744 otc
1081 4689 1213 4745 humeros
1232 4689 1333 4744 tructos
1352 4697 1461 4754 contro,
1480 4707 1548 4760 quos
1567 4691 1659 4746 dicunt
1677 4693 1825 4759 uuciurios,

150 4781 169 4818 a
189 4757 332 4816 Romanis
349 4755 445 4810 enelius
465 4753 571 4809 lucilius
593 4775 626 4812 ue
664 4774 725 4812 uam
744 4775 760 4812 a
778 4753 895 4812 Graecis
914 4775 976 4812 osse
993 4759 1147 4814 nominatos
1171 4765 1250 4814 netto
1273 4757 1445 4826 initiabilem
1475 4759 1509 4813 ct.
1538 4759 1686 4819 Groteleud
1706 4759 1826 4816 Grumm.

149 4831 215 4886 Lat.
237 4829 273 4882 ll.
294 4829 320 4892 s.
339 4827 389 4880 227
407 4839 448 4896 sq.
468 4831 494 4879 ct
512 4773 621 4907 Seydert
640 4773 759 4883 drumm.
779 4827 834 4881 Lot.
853 4831 880 4896 s.
898 4832 966 4884 2³03
985 4843 1045 4900 sqq.
