4750 5920
955 451 1280 582 ...·1:..¹

238 722 421 806 ohrtoebts
459 727 632 798 traditatis
672 723 882 794 arctissima
920 725 1033 792 sema
1065 721 1141 816 ipse
1177 718 1428 791 transhtlianis
1454 717 1532 814 ispa
1558 719 1800 806 corrstrinail,
1841 719 1918 792 sed'

237 833 426 934 pattialran
453 827 604 901 urana
629 831 814 923 eeapalrrs,
841 825 961 898 iham
982 825 1126 912 ittam,
1153 843 1227 896 oon
1250 821 1413 917 aeslip'is
1438 823 1569 894 institit
1593 827 1630 894 el
1654 831 1716 909 ra',
1742 843 1835 922 qaae
1861 823 1906 896 de

240 937 404 1012 rt'nrnerr‘rr
426 955 454 1005 a
479 929 706 1006 Nicomacho
732 927 901 1026 diffinias
926 926 1109 1023 diepam
1133 931 1230 1018 stant,
1257 924 1446 997 moderata
1473 923 1642 998 materie
1668 926 1829 1022 coitepil,
1871 931 1906 998 et

239 1061 332 1144 patae
358 1045 578 1111 trarucarsa
601 1035 761 1107 velocitas
783 1033 1029 1130 auptnliorem
1049 1028 1709 1128 irrteltiperrtiaepraestabanladilnm,
1736 1027 1910 1102 mediocri

240 1143 443 1242 adjectione
481 1141 682 1229 reserauit,
722 1141 763 1208 at
795 1134 989 1234 ahpnando
1025 1133 1077 1206 ud
1106 1133 1319 1206 Martiam
1345 1154 1472 1206 reram
1497 1138 1576 1206 suis
1602 1135 1709 1206 etima
1732 1135 1906 1229 forrnrtlir

238 1272 286 1323 ac
312 1241 615 1338 descriptionibus
641 1247 810 1318 aierebrr.
850 1237 1038 1312 Boethium
1065 1258 1155 1311 vero
1182 1239 1217 1307 iu
1243 1233 1299 1308 his
1325 1235 1424 1309 libris
1452 1235 1679 1310 arithmeticis
1707 1259 1775 1309 non
1790 1236 1906 1310 solnm

239 1355 466 1450 interpretem
487 1341 701 1419 Nicomachi
728 1346 860 1440 egisse,
888 1339 954 1416 sed
981 1343 1083 1415 etiam
1111 1363 1178 1414 suo
1204 1341 1316 1440 ipsius
1335 1337 1475 1436 judicio
1502 1365 1603 1413 usum
1629 1337 1751 1431 inisse,
1780 1362 1906 1413 nomen

239 1447 455 1532 Nicomachi
496 1451 530 1520 in
558 1446 757 1521 Boethiana
793 1446 1013 1532 arithmetica
1048 1446 1191 1544 saepius
1218 1453 1520 1517 commemoratum
1548 1443 1610 1538 (ei.
1639 1441 1756 1516 Praei.
1785 1439 1846 1516 lib.
1874 1443 1904 1535 i,

240 1553 270 1649 i,
299 1555 335 1629 2.
364 1551 412 1645 11,
441 1551 520 1643 95),
549 1547 763 1622 introductio
791 1547 882 1642 libri,
911 1569 1001 1648 quae
1028 1546 1073 1620 ad
1101 1545 1362 1637 arithmeticam,
1392 1549 1567 1640 musicam,
1595 1549 1844 1646 geometricam
1868 1555 1905 1619 et

238 1655 511 1734 astronomicam
537 1659 694 1752 spectat,
723 1663 760 1727 et
785 1663 867 1726 ante
895 1655 1008 1725 arnaria
1035 1654 1251 1750 comparatio
1268 1647 1315 1742 33)
1338 1649 1478 1723 Boethii
1506 1674 1583 1724 eum
1612 1647 1904 1723 Nicomachianis

238 1765 399 1834 instituta
426 1756 640 1857 comprobat.
688 1756 851 1857 Apparet
876 1759 967 1829 enim
995 1753 1180 1828 Boethium
1206 1757 1408 1854 praeceptis
1435 1754 1663 1828 arithmeticis
1691 1749 1904 1826 Nicomachi

240 1868 290 1936 ita
317 1885 416 1935 usum
442 1859 564 1952 fuisse,
592 1869 631 1931 ut
657 1859 727 1933 aha
752 1881 867 1958 eaque
893 1881 1024 1932 summa
1052 1858 1098 1930 ad
1123 1858 1272 1931 verbum
1298 1865 1468 1949 verteret,
1497 1857 1567 1931 aiia
1594 1857 1705 1930 iibere
1727 1877 1906 1928 conversa

239 1963 469 2043 contraheret
508 1963 572 2037 vei
608 1965 804 2055 omitteret,
847 1964 918 2036 aha
944 1967 979 2035 in
1006 1963 1111 2034 alium
1139 1959 1295 2035 ordinem
1325 1959 1523 2060 redigeret,
1564 1962 1635 2033 aiia
1662 1957 1902 2060 amplificaret,

239 2067 468 2172 explanaret,
509 2066 684 2166 exemplis
724 2067 955 2142 eorriirmaret.
1009 2065 1059 2138 Bit
1094 2089 1197 2163 quum
1225 2063 1398 2137 Boethius
1426 2063 1635 2166 disciptinae
1662 2062 1902 2136 arithmeticae

238 2181 370 2246 tantum
399 2169 559 2244 tribuerit
578 2165 646 2262 33),
684 2183 721 2242 ut
747 2174 908 2269 quosquis
934 2172 1023 2243 haee
1047 2171 1355 2266 praetermiserit,
1389 2191 1527 2242 ornarem
1550 2168 1794 2266 philosophiae
1818 2189 1907 2264 pee-

241 2276 377 2349 didisse
404 2273 606 2347 doctrinam
625 2269 672 2364 ³⁷)
699 2271 805 2366 dieat,
834 2271 1112 2373 exspectandum
1139 2281 1196 2344 est
1221 2273 1335 2371 ipsum
1360 2273 1481 2345 martiis
1506 2275 1640 2371 cipiliis
1657 2270 1837 2344 claudere
1851 2265 1906 2362 33)

238 2378 424 2468 effecisse,
466 2385 504 2448 ul
535 2378 612 2475 ipse
639 2397 754 2448 rerum
781 2374 1099 2451 mathematicarum
1127 2373 1300 2448 evaderet
1325 2377 1558 2476 peritissimus
1586 2385 1622 2449 et
1648 2373 1764 2446 studia
1791 2370 1905 2445 arith-

236 2483 366 2559 metica
392 2483 542 2554 maxime
569 2489 808 2577 promoveret,
838 2505 1041 2577 quamquam
1067 2483 1106 2553 in
1127 2477 1578 2575 librissaissnpcrcacaa,
1603 2480 1752 2570 hiantia,
1780 2483 1905 2551 errata

235 2587 355 2658 irtesse
373 2579 420 2674 33)
460 2580 612 2678 ingenue
646 2581 785 2656 fatetur.
847 2581 967 2670 Quare
1000 2606 1070 2654 uon
1105 2585 1226 2654 mirum
1258 2595 1332 2672 est,
1382 2586 1413 2654 si
1449 2579 1707 2673 Cossiadorns,
1748 2578 1902 2653 Boethio

237 2682 417 2780 aequalis,
460 2681 703 2781 compendium
730 2709 828 2756 suum
857 2684 1114 2776 arithmeticas,
1156 2684 1357 2758 discrimina
1383 2694 1420 2760 et
1445 2689 1654 2786 partitiones
1682 2705 1901 2757 numerorum

237 2789 433 2878 continens,
461 2808 510 2858 ex
532 2783 672 2858 Boethii
701 2785 799 2858 libris
827 2797 986 2884 tanquam
1015 2811 1063 2860 ex
1090 2786 1187 2862 sorite
1223 2786 1398 2862 uberrimo
1428 2788 1741 2889 limpidissimeque
1768 2787 1901 2877 hausit,

235 2893 267 2964 si
294 2888 462 2963 dadanus
488 2887 724 2985 Hispalensis
751 2892 798 2980 (a.
826 2888 902 2964 635
931 2916 964 2990 p.
993 2887 1368 2989 cantebrigeam
1397 2891 1484 2984 (ΙΙΙ,
1517 2891 1631 2986 1-9)
1660 2889 1902 2964 arithmeticen

240 3017 289 3067 ex
319 2992 472 3065 Boethio
513 3001 549 3066 et
576 2988 801 3066 Cassiodoro
827 2993 960 3065 ieviter
992 2995 1253 3092 summatimque
1280 2998 1482 3095 excerpsit,
1524 3003 1561 3069 et
1587 2998 1615 3066 si
1645 2993 1753 3066 Beda
1786 2993 1902 3066 Vene-

234 3095 365 3172 raht‘h's
394 3095 504 3189 [720]
541 3097 576 3166 in
608 3092 726 3167 muisis
753 3097 827 3167 suis
853 3093 973 3187 libris,
1002 3097 1048 3170 ad
1075 3096 1325 3171 arithmeticam
1353 3097 1594 3198 spectantibus
1610 3093 1679 3190 ⁴⁰),
1713 3094 1901 3169 Boethium

262 3201 452 3274 olissimum
501 3207 683 3273 auctorem
732 3209 877 3272 secutus
923 3209 979 3274 est
994 3197 1052 3296 31).
1119 3200 1227 3276 immo
1268 3199 1458 3276 Hernicus
1500 3201 1732 3288 Glareanus,
1785 3197 1902 3274 editur

234 3225 402 3392 hostili,
441 3305 474 3377 in
507 3301 728 3400 praefatione
755 3301 919 3380 editionis
946 3303 1037 3378 dnos
1062 3301 1212 3382 Boethii
1242 3303 1352 3378 libres
1377 3303 1422 3380 dc
1448 3307 1676 3380 arithmetica
1699 3307 1900 3400 principem

235 3408 355 3478 lactem
381 3408 511 3477 merito
537 3412 656 3480 tenere
678 3405 874 3498 contendit,
903 3406 1106 3480 abarhtltnn
1128 3412 1272 3482 omnine
1299 3431 1379 3482 esse
1406 3431 1508 3505 optas,
1535 3415 1707 3506 quarelam
1733 3407 1785 3482 ad
1799 3409 1900 3478 theo·

234 3511 331 3582 riam
357 3512 519 3598 ottirteal,
549 3511 610 3580 cai
633 3509 725 3581 nihil
749 3508 863 3598 denti,
889 3511 981 3583 nihil
1005 3505 1093 3582 addi
1114 3515 1241 3609 possit,
1269 3514 1366 3584 ‹rrnrri
1387 3521 1491 3607 porte
1511 3519 1604 3584 teras
1631 3535 1676 3584 ac
1695 3509 1898 3596 rultrndnm,

238 3653 282 3665 -
314 3617 351 3682 el
376 3609 547 3708 pntcprtid
575 3607 749 3686 Boelhhrs
776 3657 827 3670 —
854 3615 892 3688 ia
920 3613 1155 3686 arithmeticis
1180 3655 1232 3670 -·-
1256 3615 1471 3711 protulerit,
1507 3615 1545 3690 id
1569 3618 1732 3690 intolnm
1745 3611 1899 3686 strit'dnm

232 3737 314 3790 esse
342 3736 386 3786 ae
413 3712 617 3787 discensum
640 3715 903 3818 firrrdalnrnqne
930 3741 980 3788 ea·
1014 3721 1148 3790 irttirnis
1182 3719 1382 3792 matheseos
1409 3723 1601 3816 principiis
1626 3722 1899 3792 accuratissum-

233 3841 304 3917 que
339 3821 378 3891 in
403 3821 528 3892 secuta
555 3842 769 3892 amrtsarnnr
795 3845 885 3892 esse.
941 3819 1077 3907 Quibus
1104 3821 1134 3892 si
1161 3843 1231 3894 uon
1258 3843 1306 3893 ex
1332 3827 1424 3895 omni
1451 3830 1552 3921 parte
1579 3819 1748 3895 adsentiri
1765 3843 1896 3920 possu-

236 3943 330 4014 mus,
358 3929 473 3994 tamen
501 3919 675 3995 Boethius
701 3944 816 4020 neque
842 3946 909 4022 pro
936 3945 1033 3996 mero
1060 3921 1273 3999 Nicomachi
1305 3926 1443 3999 vicario
1479 3933 1516 4000 el
1542 3927 1734 4024 interprete
1761 3922 1897 3994 haben·

240 4127 660 4144 ¹¹—'-···———==—-—-—

303 4251 350 4316 00)
369 4247 552 4314 Quamobrem
570 4252 673 4314 curavi,
692 4259 721 4304 ut
739 4251 822 4306 rerba
841 4269 938 4320 graeca
956 4253 1115 4308 Nicomachr
1133 4255 1344 4324 interpretationi
1363 4251 1467 4307 Boethii
1494 4263 1718 4324 supponerentur.
1737 4283 1770 4293 -
1789 4257 1836 4313 00)
1855 4253 1896 4306 tie

234 4315 340 4371 arithm.
359 4316 379 4382 l,
399 4323 423 4373 1.
460 4316 562 4371 ibidem
590 4319 788 4374 arithmeticam
817 4320 1019 4392 disciplinarum
1048 4322 1296 4378 mathematicarnm
1316 4339 1379 4376 esse
1397 4323 1558 4393 principium
1577 4331 1604 4377 et
1622 4323 1700 4393 quasi
1718 4331 1829 4376 matrem
1849 4323 1894 4384 ait,

236 4386 397 4506 puihuscum
426 4386 551 4442 conteras
579 4405 650 4458 quae
677 4389 771 4445 isidor.
796 4388 874 4459 Orig.
901 4389 945 4454 iii,
974 4397 985 4446 1
1014 4391 1103 4448 habet.
1130 4424 1162 4433 -
1190 4395 1235 4456 37)
1255 4391 1303 4445 Sic
1330 4401 1356 4445 et
1375 4393 1528 4448 Cassiodor.
1555 4391 1589 4444 de
1616 4391 1748 4446 arithmet.
1777 4409 1801 4460 p.
1830 4395 1895 4445 57οε

263 4451 314 4530 olle
331 4455 424 4510 seculo
442 4461 599 4526 computum
617 4463 643 4511 rt
660 4460 755 4512 omnia
773 4460 931 4532 ipnorantia
950 4476 1037 4514 caeca
1055 4477 1114 4518 conr
1134 4459 1261 4519 lectitans
1282 4477 1334 4516 nec
1352 4459 1457 4532 aiffa-ri
1494 4465 1566 4514 etesi
1580 4461 1707 4514 arcteris
1720 4457 1897 4520 amirantibus,

232 4537 284 4644 pra
308 4521 409 4578 raimdt'
431 4539 489 4577 nort
513 4523 635 4598 inteihpit
658 4527 846 4600 panarum.
884 4527 984 4583 Eadem
1012 4529 1094 4586 hahet
1112 4477 1206 4586 hibor.
1225 4529 1329 4602 Bispni.
1348 4527 1424 4598 orig.
1444 4477 1496 4592 tlh,
1516 4535 1547 4592 t,
1575 4535 1600 4584 1.
1627 4557 1661 4570 -
1679 4533 1725 4597 38)
1753 4526 1895 4583 Praeteri

259 4591 322 4646 rath.
341 4593 361 4646 1.
381 4625 413 4638 -
431 4595 478 4662 00)
496 4593 587 4649 Praei.
607 4596 624 4649 1.
644 4595 659 4651 i.
679 4627 713 4638 -
732 4603 777 4666 10)
796 4595 913 4670 Scripsit
939 4597 973 4651 de
1000 4598 1177 4654 arithmeticis
1195 4602 1330 4654 numeris.
1358 4599 1392 4652 rie
1410 4599 1526 4652 diversis
1547 4597 1693 4670 speciebus
1711 4613 1894 4658 numerorum,

235 4659 270 4714 de
287 4677 460 4717 numerorum
480 4663 623 4722 divisione.
641 4665 676 4720 de
694 4677 818 4738 compoto
838 4679 863 4720 et
881 4667 1081 4738 propositiones
1099 4667 1283 4726 arithmeticas
1302 4668 1334 4721 ad
1354 4670 1491 4722 acuendos
1506 4665 1633 4737 juvenes,
1653 4667 1687 4721 ab
1698 4668 1761 4721 aliis
1772 4665 1895 4720 Atratino

231 4733 399 4813 (⁷³.⁶‘⁸⁰’¹)
418 4733 584 4804 adscriptas,
604 4733 639 4788 ct.
660 4735 796 4794 iiontnria
815 4734 885 4790 iiist.
904 4735 1029 4789 matham.
1048 4735 1077 4792 'i'.
1097 4737 1107 4789 1
1126 4755 1152 4810 p.
1172 4743 1231 4794 100.
1257 4769 1282 4780 -
1310 4741 1356 4802 11)
1374 4737 1452 4794 Adde
1471 4737 1582 4810 Lupum
1599 4735 1799 4792 Ferrarieusem
1818 4739 1895 4803 (800)

231 4797 255 4852 B
274 4807 317 4856 rst.
336 4805 353 4853 a
370 4809 397 4853 et
414 4803 439 4866 8,
460 4801 625 4857 Garinhen
644 4809 728 4872 (000),
746 4805 782 4858 de
799 4821 853 4874 que
871 4803 933 4858 vide
945 4803 1040 4860 Biume
1059 4804 1076 4864 l.
1095 4807 1112 4862 i.
1132 4825 1157 4879 p.
1175 4811 1288 4878 ttosq,
1299 4805 1474 4864 etdoanrrem
1485 4807 1714 4862 salisberiensem
1730 4805 1803 4876 (deu.
1815 4807 1896 4874 1180)

292 4867 361 4940 aieg.
381 4887 406 4943 p.
424 4873 477 4927 110
494 4871 586 4940 [Paris
606 4877 696 4942 1010),
715 4875 761 4946 qui
781 4872 887 4932 Boethii
905 4872 1099 4932 arithmeticam
1119 4877 1236 4930 landant.
