4750 5920
1168 531 1422 628 ..ta-.-

459 741 564 835 eatur,
587 737 704 818 deesse
727 743 938 838 non'possit:
969 737 1013 819 in'
1028 739 1169 842 quatuor
1189 758 1275 821 enini
1297 747 1511 842 ter·mlnis,·si
1533 755 1628 822 luerit
1643 743 1919 842 quenadmodum
1932 752 2070 841 ‘primus
2083 761 2128 827 ad

460 841 595 906 tercium
608 843 646 921 ⁹),
679 842 727 905 slc
749 842 914 906 secundus
930 841 1031 919 ιο)·υιΙ
1055 843 1482 928 ρυυιιιιιιι,’ριοροι·ιίοοαιιι
1505 847 1629 910 ratione
1650 841 1778 907 scillcet
1801 843 1975 927 cusmdita,
1995 859 2130 932 geone*

467 925 716 1006 tricamedietus
739 927 925 1009 explicatur.
971 929 1014 992 Et
1036 929 1122 1013 quod
1144 931 1329 995 continetur
1348 930 1410 992 sub
1433 924 1697 1012 extremitatibus5
1718 942 1862 1017 ‚aequem
1885 931 1944 992 erit
1965 931 2127 1018 ‹rt-,qnod

462 1013 524 1078 sub
552 1024 688 1096 utraque
717 1014 888 1079 medietate
917 1015 957 1078 nd
986 1034 1023 1078 se
1054 1017 1190 1081 invicem
1213 1016 1419 1098 multiplicata
1442 1015 1792 1106 conficitunliursus
1826 1017 1856 1078 sl
1886 1016 2044 1082 maximus
2067 1017 2130 1084 :llll

460 1100 668 1164 terminorum
704 1115 855 1165 numerus
890 1101 931 1164 ad
964 1118 1055 1185 eum,
1090 1104 1144 1185 qui
1176 1101 1238 1166 sibi
1271 1103 1470 1185 propinquus
1504 1113 1568 1183 est,
1603 1099 1699 1168 talem
1723 1102 1873 1177 lrabet¹lt
1904 1101 2131 1189 didercntlam,

463 1179 590 1270 qualem
612 1185 697 1248 idem
718 1187 790 1269 ipsa
805 1188 844 1264 ¹²)
868 1189 1007 1250 maximo
1031 1190 1229 1272 propinquus
1252 1188 1292 1256 ad
1314 1190 1551 1272 parvissimum,
1574 1187 1759 1252 huiusmodi
1781 1189 1953 1272 proportio
1974 1189 2008 1250 in
2029 1187 2128 1252 arith·

461 1275 576 1336 metica
599 1273 856 1337 consideratione
880 1275 1075 1356 proponitur.
1122 1269 1161 1337 ut
1182 1285 1398 1339 extremorum
1421 1271 1605 1357 conjunctio
1632 1273 1751 1357 duplex
1770 1273 1984 1356 erit‘prnprin
2007 1274 2130 1349 modin·¹

462 1367 536 1422 tate.
560 1357 608 1422 ‘et
631 1373 710 1421 vero
731 1361 816 1422 inter
838 1355 904 1440 llll,
928 1361 983 1443 qui
1007 1369 1056 1423 cst
1078 1362 1200 1426 tercius
1222 1361 1386 1440 terminus,
1411 1379 1514 1443 aequa
1529 1359 1568 1434 ¹³)
1579 1371 1669 1440 parte
1682 1362 1786 1445 quarti
1799 1369 1947 1444 quartum
1960 1361 2130 1428 terndmmn

462 1455 613 1530 superem
648 1455 679 1509 et
702 1464 805 1530 aequa
830 1447 960 1528 primia
985 1449 1087 1528 primo
1111 1455 1297 1531 superetur,
1329 1449 1490 1511 armonica
1512 1445 1697 1512 huiusmodi
1719 1447 1885 1528 proportio
1908 1440 2130 1530 medietasque

461 1532 662 1612 perspicitur.
707 1529 748 1595 Et
775 1531 861 1615 quod
885 1533 1066 1598 continetur
1088 1533 1149 1596 sub
1173 1543 1390 1596 extremorum
1413 1534 1645 1617 aggregatione
1667 1542 1699 1594 et
1720 1531 1986 1613 multiplicatione
2010 1531 2137 1597 melica¹

462 1619 546 1697 tatis,
570 1615 688 1697 duplex
712 1629 762 1680 est
784 1637 836 1700 eo,
858 1620 946 1702 quod
970 1619 1031 1682 sub
1055 1631 1189 1703 utraque
1211 1620 1409 1682 extremitate
1432 1618 1607 1682 conficitur.
1641 1617 1693 1684 Sit
1714 1629 1821 1680 autem
1843 1617 2005 1700 quoddam
2019 1617 2134 1682 liuius·

462 1702 549 1765 modi
571 1702 794 1784 dispositionis
823 1705 987 1788 exemplar
1018 1705 1079 1769 lion
1102 1706 1213 1768 modo:
1245 1703 1297 1768 vt.
1323 1703 1402 1770 Vlll.
1427 1703 1522 1769 Vllll.
1545 1703 1613 1768 Xll.
1659 1703 1727 1768 Has
1750 1702 1848 1787 igitur
1869 1719 1984 1764 omncs
2005 1703 2134 1771 sottum

461 1790 655 1872 quantitates
678 1807 753 1852 esse
776 1808 840 1854 non
864 1791 995 1854 dubium
1017 1801 1076 1854 est.
1123 1789 1165 1853 Vl
1186 1793 1272 1854 enirn
1296 1801 1471 1854 nascuntur
1493 1809 1535 1853 ex
1556 1809 1622 1854 uno
1645 1791 1695 1854 nis
1717 1799 1781 1868 ter,
1805 1786 1863 1851 Xll
1888 1799 1993 1851 autern
2016 1807 2058 1851 ex
2078 1792 2133 1856 bis

463 1873 526 1937 duo
550 1886 605 1936 ter.
650 1873 772 1940 Horum
807 1887 912 1940 autem
943 1879 1099 1941 medietas
1116 1879 1154 1948 ¹⁸)
1181 1879 1368 1941 octonarius
1396 1876 1430 1940 fit
1452 1878 1551 1940 semel
1576 1877 1640 1942 dun
1663 1885 1791 1960 quator,
1828 1875 2026 1939 novenarius
2048 1891 2133 1940 vero

389 1983 392 1993 ¹
463 1960 564 2023 semel
586 1971 651 2024 tres
674 1973 730 2024 ter.
776 1961 897 2026 Omnes
921 1965 1017 2046 igitur
1040 1964 1164 2027 termini
1187 1965 1316 2047 cognati
1339 1962 1402 2026 sibi
1426 1974 1457 2026 et
1479 1963 1579 2027 tribus
1611 1961 1851 2026 intervallorum
1875 1959 2133 2025 dimensionibus

463 2049 562 2110 notati
586 2057 669 2110 sunt.
716 2047 747 2111 ln
771 2047 821 2111 his
844 2050 940 2134 igitur
962 2051 1156 2132 geometrica
1180 2047 1462 2134 proportionalitas
1485 2051 1658 2128 invenitur,
1681 2049 1709 2111 si
1733 2045 1791 2110 Xll
1814 2045 1856 2108 ad
1877 2043 1957 2126 Vlll,
1981 2045 2032 2108 vel
2046 2043 2132 2110 Vllll

462 2133 504 2197 ad
529 2135 747 2218 senarium¹⁵t
781 2153 1013 2218 comparemus.
1061 2133 1200 2219 Utraque
1234 2137 1318 2200 enim
1353 2135 1549 2217 comparatio
1580 2132 1792 2218 sesquialtera
1809 2133 1848 2206 10)
1879 2132 2045 2214 proportio
2068 2142 2133 2282 aeq

464 2229 495 2282 et
516 2218 602 2301 quod
627 2221 807 2283 continetur
829 2221 890 2283 sub
921 2221 1190 2298 extremitatibus,
1224 2222 1308 2285 idem
1331 2233 1381 2285 est
1404 2223 1451 2302 ei,
1473 2220 1561 2306 quod
1583 2219 1617 2283 lit
1640 2240 1682 2284 ex
1704 2218 1828 2282 mediis.
1873 2215 2019 2300 Namque
2042 2235 2107 2301 quo

463 2305 497 2366 lit
520 2323 560 2366 ex
583 2304 759 2368 duodecies
783 2303 838 2386 vt,
861 2326 997 2390 aequum
1021 2319 1071 2369 est
1093 2309 1134 2390 ei,
1157 2307 1243 2391 quod
1265 2305 1300 2370 lit
1323 2327 1364 2369 ex
1393 2309 1495 2370 octies
1520 2303 1612 2370 Vllll.
1647 2305 1851 2370 Geornetrica
1882 2319 1962 2386 ergo
1995 2321 2133 2386 propur-

463 2392 508 2453 tio
538 2401 588 2454 est
619 2389 804 2476 hujusmodi
829 2394 876 2472 Ι’).
921 2391 1130 2457 Arithmetica
1162 2406 1268 2458 autem
1292 2404 1358 2474 est,
1389 2395 1416 2456 si
1440 2393 1659 2456 duodenarius
1683 2391 1723 2456 ad
1747 2389 1956 2454 novenarium
1978 2401 2008 2450 et
2031 2406 2133 2452 nuve-

462 2475 573 2544 narius
607 2475 647 2538 ad
679 2480 842 2542 senarium
874 2489 1085 2562 comparetur.
1131 2476 1164 2542 ln
1189 2481 1334 2562 utrisque
1357 2481 1439 2543 enim
1463 2481 1622 2544 ternarius
1644 2475 1824 2542 differentia
1846 2486 1913 2554 est,
1947 2485 1977 2536 et
1994 2474 2133 2556 junctae

463 2564 680 2626 extremitates
714 2563 884 2628 medietate
918 2563 1036 2647 duplae
1058 2577 1139 2629 sunt.
1186 2563 1223 2627 Si
1246 2567 1329 2630 euim
1357 2565 1506 2648 junxeris
1536 2564 1699 2630 senarium
1733 2575 1763 2626 ct
1784 2559 1860 2642 Xll‚
1891 2557 1993 2622 facies
2015 2557 2133 2640 XVlll,

464 2649 518 2732 qui
549 2660 598 2712 est
627 2651 801 2714 novenario
833 2650 939 2713 medio
961 2651 1155 2728 ternario¹⁸l
1178 2649 1305 2734 duplus.
1350 2649 1384 2714 tn
1406 2652 1458 2716 his
1481 2669 1559 2737 ergo
1582 2651 1811 2737 geometricam
1833 2644 2132 2730 arithmeticamque

464 2734 665 2800 medietatem
696 2737 929 2820 perspeximus.
974 2733 1036 2800 llic
1065 2753 1195 2820 qnoque
1228 2739 1392 2800 armonica
1413 2739 1570 2803 medietas
1593 2736 1772 2812 invenitur,
1807 2733 1835 2796 si
1857 2729 1915 2794 Xll
1938 2730 1978 2793 ad
2000 2727 2074 2795 Vlll
2096 2737 2131 2794 ct

463 2840 577 2885 rursus
599 2817 671 2884 Vlll
697 2821 736 2884 ad
760 2824 925 2886 senarium
949 2839 1180 2905 comparemus.
1227 2820 1299 2903 Qua
1328 2825 1411 2886 enim
1440 2831 1530 2904 parte
1558 2823 1677 2886 senarii
1700 2819 1886 2884 octonarius
1909 2818 2072 2883 serrarium
2086 2817 2130 2892 ¹⁹)

464 2917 605 2990 superat,
628 2909 648 2970 i.
671 2918 760 2990 parte
783 2910 895 2991 tercia,
918 2909 1031 2972 eadem
1055 2907 1242 2974 duodenarii
1266 2919 1357 2991 parte
1378 2909 1564 2972 octonarius
1586 2904 1823 2990 superatnr20).
1864 2901 2008 3005 Quqtuor
2030 2903 2130 2986 enim,

464 2993 582 3076 quibus
616 2994 855 3072 octonarius²¹)
890 3014 908 3057 a
943 2993 1141 3058 duodenario
1171 2996 1326 3076 vincitur,
1363 2993 1553 3058 duodenarii
1585 2993 1682 3056 tercia
1706 3010 1782 3072 pars
1806 3001 1863 3052 est.
1909 2985 1948 3050 lat
1970 2990 1998 3052 si
2022 3001 2128 3052 oxtrc·

463 3080 588 3144 mitates
611 3078 737 3164 ungas,
761 3077 805 3144 Vl
827 3078 953 3144 scilicet
975 3078 1085 3160 etXll,
1108 3099 1230 3164 easque
1252 3099 1311 3162 per
1333 3081 1534 3144 octonarium
1551 3077 1689 3141 medium
1702 3077 1744 3156 ²²)
1761 3071 1965 3156 multiplices,
1988 3071 2132 3138 CXLllll

465 3175 549 3228 sunt.
594 3100 719 3246 duodsi
741 3185 778 3229 se
800 3167 1014 3230 extremitates
1038 3165 1257 3249 multiplicent,
1280 3163 1326 3229 Vl
1348 3167 1473 3232 scilicet
1494 3161 1606 3247 etXll,
1628 3157 1886 3244 lacientLXXll‚
1909 3178 1974 3244 quo
1997 3175 2134 3224 numero

357 3446 362 3457 =
467 3402 612 3495 μητικὴν·
646 3401 765 3496 ἀνάγκη
797 3405 859 3497 γὰρ
892 3406 978 3476 οὕτω
1009 3406 1217 3490 διακειμένων
1239 3409 1303 3474 τῶν
1325 3399 1353 3474 d¹
1376 3401 1689 3494 inquirendarum
1711 3396 1927 3504 χεωμετριιξὴρ
1948 3397 2132 3507 έμττλέχδρμ

467 3488 669 3581 ἀμφοτέραις
697 3501 768 3570 ταῖς
796 3489 970 3582 μεσότησιν
997 3493 1242 3582 ἐξεταζομένην,
1272 3486 1316 3570 οἷς
1338 3485 1357 3560 ὁ
1383 3490 1533 3579 μέγιστος
1554 3486 1638 3577 πρὸς
1659 3485 1714 3558 τὸν
1734 3487 1841 3576 τρίτον
1862 3509 1910 3586 αζτ
1942 3488 2053 3569 αυτοῦ,
2075 3509 2134 3554 ου-

467 3603 533 3654 τως
563 3573 581 3645 ὁ
613 3574 667 3645 ὑπ’
703 3575 799 3647 αὐτόν
832 3577 982 3669 δεύτερος
1016 3576 1100 3668 πρὸς
1128 3576 1182 3646 τὸν
1208 3578 1368 3668 τέταρτον·
1390 3575 1428 3645 τὸ
1449 3574 1510 3666 χεὶρ
1532 3579 1679 3645 τοιοῦτον
1701 3569 1739 3642 τό
1761 3566 1828 3640 ὑπὸ
1850 3595 1914 3637 των
1934 3569 2042 3654 μέσων
2062 3573 2134 3640 ἴσον

469 3669 559 3734 ποιεῖ
578 3667 626 3750 aqi
646 3659 714 3734 έπό
736 3669 799 3734 τῶν
820 3663 935 3754 ἄκρων
958 3659 1055 3736 πάλιν
1077 3666 1114 3733 δέ
1136 3663 1175 3734 ἂν
1196 3663 1215 3734 ὁ
1236 3665 1386 3751 μέγιστος
1408 3659 1493 3753 πρός
1514 3660 1568 3733 τὸν
1589 3656 1647 3729 ὑπ’
1674 3655 1771 3730 αὐτὸν
1793 3657 1831 3761 έν,
1847 3651 1989 3746 τοσαύτῃ
2012 3659 2134 3746 δειχθῇ

471 3749 624 3862 διαφορᾷ,
647 3749 681 3820 ἐν
702 3747 760 3841 ὅσῃ
779 3753 834 3822 καὶ
855 3747 953 3830 αὐτὸς
975 3745 1072 3832 οὗτος
1093 3777 1120 3818 τι
1141 3749 1176 3832 ὃς
1198 3748 1254 3820 τὸν
1276 3743 1451 3834 ἐλάχιστον,
1473 3744 1675 3856 οἶριθμρτική
1697 3744 1718 3838 ἡ
1741 3769 1889 3848 sumptu,
1898 3741 2041 3846 ἐξέτασις
2053 3743 2133 3846 γὶνξ·

469 3862 538 3923 ται,
560 3863 614 3906 και
635 3831 657 3927 ἡ
679 3835 870 3929 reinducere
891 3777 1222 3918 σύνθεσιςσιττέυσέα
1250 3841 1310 3908 τοῦ
1338 3835 1452 3921 μέσου·
1485 3832 1541 3904 dciv
1563 3837 1585 3904 d
1615 3829 1632 3902 ὁ
1656 3831 1755 3918 μέσος
1775 3853 1822 3916 τῳ
1845 3854 1933 3914 erup
1955 3829 2047 3920 μέρει
2067 3852 2135 3932 των

469 3919 575 4012 έικρων
608 3926 714 3992 αυτιῖιν
745 3919 889 4014 ὑπερέχῃ
923 3925 977 3994 καὶ
1009 3919 1222 4018 έσερέχρται,
1255 3917 1429 4026 ιέρμοιιιιιξι
1461 3923 1515 3991 καὶ
1547 3917 1586 3990 ari
1618 3914 1685 3990 ὖττὸ
1705 3921 1767 3986 τοῦ
1786 3913 1890 4022 μέσου
1914 3917 1969 3985 καὶ
1989 3919 2048 4008 τῆς
2069 3939 2136 4022 τωρ

468 4003 577 4098 ι’έκρων
605 4008 791 4088 συνθέσεως
819 4003 991 4080 διπλάσιον
1011 4017 1071 4082 τοῦ
1093 4006 1377 4116 imitatrixque.
1431 3999 1615 4094 Υπέόειχμα
1636 4007 1674 4074 δὲ
1696 3999 1796 4096 αὐτῆς
1819 4026 1903 4071 ructu
1924 4005 2070 4074 τοιοῦτον
2092 4023 2135 4085 ς,

470 4088 510 4184 η’,
537 4087 585 4202 3'3
609 4091 662 4179 id·
686 4090 804 4166 cdxciii
825 4091 845 4166 ὁ
866 4098 926 4180 μέν
947 4091 975 4178 ς’
998 4095 1155 4189 melaria
1176 4091 1243 4168 α’στὸ
1264 4121 1322 4166 του
1344 4093 1434 4180 ἅπαξ
1456 4090 1517 4163 δύο
1538 4094 1622 4184 τρίς,
1652 4087 1671 4160 ὁ
1700 4091 1738 4160 δέ
1760 4083 1801 4176 ιβ’
1826 4085 1893 4193 find
1914 4093 1975 4158 τοῦ
1996 4091 2047 4167 δὶς
2071 4083 2136 4160 tio

471 4179 542 4272 τρὶς
563 4205 597 4250 εν
618 4183 767 4272 συνεχείᾳ
787 4182 1031 4291 (incardinari,
1063 4186 1127 4253 τῶν
1156 4181 1194 4252 δέ
1222 4181 1330 4268 μέσων
1358 4176 1457 4267 ὁμέν
1478 4175 1618 4252 ἐλάττων
1640 4173 1709 4252 αἰπὰ
1729 4179 1790 4248 τοῦ
1812 4176 1902 4260 ἁσαξ
1922 4171 1953 4262 β’
1975 4171 2135 4268 τετράκις,

470 4259 490 4338 ὁ
518 4266 556 4336 δὲ
584 4267 705 4356 μείζων
732 4263 800 4338 diro
829 4275 888 4341 τοῦ
909 4265 999 4355 ἅπαξ
1020 4269 1094 4362 τρέα
1115 4269 1195 4361 τρίς·
1218 4269 1273 4339 καὶ
1294 4267 1420 4364 στερεοὶ
1441 4293 1478 4338 τε
1499 4265 1530 4338 οἱ
1551 4263 1647 4360 έκροι
1668 4267 1723 4336 καὶ
1743 4266 1838 4354 τριχῆ
1860 4263 2045 4348 διαστατοέ,
2079 4263 2135 4332 καὶ

470 4347 632 4440 ὁμογενεῖς
654 4349 767 4438 αὐτοῖς
788 4355 823 4428 αἱ
841 4352 1037 4464 μεσέιριεςζ
1053 4359 1107 4428 καὶ
1127 4353 1211 4428 κατέ
1230 4357 1290 4443 μέν
1310 4352 1368 4450 τῆν
1387 4351 1614 4448 γεωμετρικήν,
1636 4347 1682 4432 ὥς
1705 4347 1723 4423 ὁ
1745 4346 1787 4436 ιμ’
1811 4347 1959 4442 πρὸςτόν
1973 4345 2005 4440 η’,
2028 4346 2136 4456 οὕτως

471 4435 491 4506 ὁ
512 4431 547 4506 θ’
570 4437 655 4533 πρὸς
676 4437 733 4510 τόν
753 4437 798 4524 ς’,
833 4438 975 4547 amitte
996 4437 1326 4554 τηνμῖριθγμιχτιαὴν,ι
1344 4436 1411 4551 ὅρῳ
1434 4437 1453 4511 ὁ
1473 4437 1514 4528 ιβ
1536 4445 1598 4546 ιτοῦ
1620 4435 1656 4509 θ’
1677 4435 1854 4546 ὗσερέχῖειζ
1872 4429 2017 4543 τοσοιξτῳ
2039 4435 2094 4506 acl
2114 4459 2136 4504 ο

497 4517 504 4546 έ
574 4530 590 4546 ιν

470 4531 499 4592 θ
528 4549 588 4595 του
610 4520 651 4614 ς’,
673 4525 757 4598 κατὰ
778 4530 816 4598 δέ
836 4527 896 4620 τήν
916 4555 1107 4622 aprorum,
1139 4557 1166 4617 ῳ
1194 4529 1287 4621 μέρει
1309 4556 1327 4601 ο
1348 4533 1452 4620 qenai
1473 4523 1501 4610 ς’
1523 4526 1687 4619 υπερέχει,
1709 4526 1743 4597 έν
1764 4548 1854 4610 catat
1875 4525 1923 4610 τῷ
1944 4543 1965 4604 ς
1995 4525 2057 4592 τοῦ
2075 4519 2138 4605 μέ·

525 4776 568 4844 ἰ)
585 4773 747 4904 w
849 4779 1013 4843 -roten
1042 4782 1149 4864 μυιω.
1173 4810 1208 4824 -
1237 4785 1282 4850 ιι)
1299 4779 1348 4839 ει.
1376 4779 1487 4842 tanat
1515 4779 1678 4854 -1²)Et.
1706 4795 1774 4862 αα.
1800 4812 1832 4824 -
1852 4728 1896 4862 τε)
1913 4777 1963 4834 σε.
1982 4779 2002 4834 ιι
2019 4793 2083 4854 quo.
2100 4803 2138 4820 -

470 4841 596 4972 {wo-u
613 4945 649 4958 ..
668 4921 714 4987 w)
732 4865 781 4977 ἃ
799 4851 911 4976 :mm
922 4847 971 4966 tid.
981 4865 1109 4986 ²qqrircqqi
1116 4853 1239 4992 w
1252 4849 1511 4990 neugma.
1528 4879 1563 4894 -
1592 4855 1636 4918 ιτ)
1655 4844 1703 4906 ιιι.
1720 4849 1877 4906 naamon
1904 4853 1953 4903 εει.
1973 4880 2006 4893 -
2026 4851 2071 4918 τε)
2089 4845 2140 4906 dt.

1481 4921 1499 4983 l.
1519 4955 1551 4965 -
1568 4919 1673 4990 tiled.
1690 4919 1811 4978 aredium
1829 4921 1857 4975 iu
1875 4917 2031 4975 membrana
2047 4926 2141 4975 eran·
