4750 5920
1125 579 1355 656 ..5-

306 829 309 836 =
409 791 554 891 paribus
580 797 617 863 et
643 791 850 891 imparibus,
886 789 1057 890 perfectis
1085 797 1120 862 et
1146 787 1383 888 imperfectis,
1419 787 1534 888 planis
1561 797 1599 862 ct
1623 786 1772 880 solidis,
1798 791 2016 890 'compositis
2043 797 2082 864 et

409 896 654 994 incompositis
682 893 792 968 etde
818 893 898 968 aliis
924 915 1145 968 umerorum
1171 891 1363 989 geisericus
1389 892 1661 991 speciebusque,
1689 890 1905 967 Nicomachi
1930 895 2079 992 potissi·

410 1022 501 1070 ιιιιιιιι
526 997 726 1098 exemplum
753 1005 911 1089 secunus,
938 998 1129 1070 summatim
1155 1015 1270 1092 neque
1295 1002 1412 1068 maren
1436 997 1597 1069 inornate
1624 1004 1791 1096 exponat

514 1101 596 1174 Jam
625 1099 811 1202 disciplina
838 1099 1058 1174 arithmetica
1084 1097 1152 1173 lac
1178 1095 1353 1172 baomadi
1378 1101 1516 1172 ratione
1549 1097 1644 1198 apud
1661 1100 1845 1175 Romanos
1865 1101 2080 1176 urerenicutn

411 1213 567 1304 ceperat,
596 1227 711 1302 neque
740 1217 851 1277 tamen
878 1201 925 1276 ad
951 1227 1117 1276 surumum
1144 1209 1276 1276 evecta
1300 1211 1379 1275 erat
1405 1201 1593 1300 fastigium,
1629 1201 1664 1274 id
1691 1202 1787 1300 quod
1814 1225 1880 1303 per
1906 1202 2080 1276 Anicium

410 1306 596 1382 Manlium
628 1306 846 1407 ibiqnutum
872 1305 1090 1381 Severinum
1115 1303 1310 1379 Boethium
1334 1305 1465 1379 facturn
1490 1308 1558 1379 est.
1599 1305 1650 1396 ,bs
1678 1309 1767 1380 euim
1795 1313 1914 1398 [uatus
1942 1329 1975 1380 o.
2001 1303 2080 1378 470

410 1421 450 1483 et
481 1409 689 1483 interfectus
724 1409 843 1502 524),
883 1409 1062 1484 literarum
1089 1410 1345 1482 amantissimus
1371 1417 1408 1482 ct
1435 1411 1590 1508 inprimis
1618 1408 1762 1484 Graece
1788 1407 1987 1482 eruditione
2013 1412 2079 1482 im·

409 1513 535 1604 butus,
563 1537 664 1609 quum
692 1513 932 1588 urtellexisset
957 1512 1199 1587 arithmeticae
1225 1533 1340 1608 neque
1365 1511 1530 1586 ambitum
1555 1512 1682 1586 finibm
1708 1516 1786 1586 surb
1809 1515 1897 1586 sats
1925 1515 2079 1588 circum-

410 1619 589 1715 scriptum,
616 1639 732 1713 oeque
759 1619 960 1690 interiorem
987 1615 1033 1690 de
1059 1617 1212 1688 inumeris
1239 1613 1438 1688 disserendi
1465 1617 1633 1690 rationem
1660 1616 1751 1689 beue
1766 1625 1812 1708 et,
1835 1622 1998 1688 utartem
2012 1613 2079 1689 de·

410 1729 502 1810 ceat,
531 1724 762 1819 compositam
788 1719 1037 1817 excultosque
1064 1741 1158 1808 esse,
1185 1714 1233 1790 ad
1246 1715 1423 1808 Graecos,
1452 1722 1603 1818 optimos
1630 1717 1816 1794 doetrinae
1838 1717 2079 1793 arithmeticae

410 1831 589 1912 auctores,
617 1827 820 1895 revertitur.
874 1821 975 1911 Quos
1002 1827 1092 1895 iuter
1105 1820 1355 1896 lVicorauebua
1382 1819 1601 1914 Gerasenos,
1631 1821 1887 1921 Pythagoreas
1913 1820 2078 1922 philoso-

409 1923 514 2025 phiae
541 1922 705 2000 addictus
722 1925 785 2016 23).
814 1923 907 1999 adeo
933 1925 999 1998 tuit
1025 1927 1173 2024 insignis
1199 1927 1351 1998 scientia
1378 1947 1494 1997 rerum
1507 1925 1803 2000 arithmeticarunr
1825 1935 1862 1998 et
1874 1926 2078 2025 praeceptis

409 2027 546 2100 adeas
574 2030 834 2126 spectantibus,
872 2041 911 2100 ut
937 2028 1000 2102 vel
1027 2032 1061 2098 in
1089 2027 1317 2129 proverbium
1343 2027 1457 2100 abiret
1472 2024 1523 2122 ²³)
1551 2037 1587 2102 et
1614 2031 1715 2126 quasi
1741 2031 1975 2128 principatum
1998 2032 2079 2125 cjlu

410 2129 620 2230 disciplinae
662 2131 846 2206 obtineret.
909 2133 981 2206 Hie
1016 2141 1159 2231 praeter
1198 2128 1270 2202 alin
1308 2127 1354 2202 de
1394 2139 1539 2224 oatma,
1581 2132 1774 2206 rationibus
1814 2141 1852 2204 et
1891 2134 2080 2232 partitione

410 2255 631 2307 amorerorum
671 2237 846 2328 εἰςαγωγήν
866 2233 1085 2330 &preparas
1123 2236 1203 2306 sive
1243 2230 1514 2308 introductionis
1556 2238 1591 2307 io
1627 2257 1848 2308 rruinerorum
1884 2233 2080 2308 doctrinam

409 2337 522 2411 libros
549 2335 641 2412 duos
668 2342 865 2438 scripserat
888 2338 981 2413 adeo
1008 2340 1184 2436 insigues,
1214 2342 1252 2406 ut
1278 2335 1502 2410 Jamblichus
1519 2335 1565 2433 23)
1594 2335 1849 2439 philosophus,
1881 2335 2080 2437 Asclepius

409 2439 626 2532 Trallianus,
654 2441 817 2516 Joanncs
844 2440 1083 2544 Philopeuus‚
1112 2438 1172 2513 alii
1197 2461 1264 2511 eos
1290 2443 1549 2513 commentariis
1576 2449 1613 2514 et
1639 2441 1919 2514 enarrationibus
1945 2461 2081 2536 graece

409 2545 552 2642 scriptis
593 2544 826 2643 explanariut
880 2545 930 2617 Et
964 2543 1157 2634 Boethius,
1191 2545 1267 2640 jam
1303 2543 1348 2615 ab
1387 2539 1633 2618 adolescentia
1666 2539 1808 2617 multum
1841 2552 2008 2618 vasatos
2045 2545 2081 2616 iu

408 2647 552 2745 scriptis
570 2642 620 2742 33)
647 2670 669 2720 c
695 2671 830 2747 graeco
857 2651 892 2720 iu
919 2647 1072 2748 linguam
1099 2645 1239 2718 laticem
1266 2644 1539 2740 convertendis,
1574 2646 1669 2720 illam
1697 2669 1839 2744 quoque
1865 2643 2080 2721 Nicomachi

409 2747 703 2824 introductionem
753 2751 861 2824 latine
901 2749 1097 2842 transtulit,
1147 2769 1263 2844 neque
1301 2747 1417 2822 solum
1456 2749 1652 2842 transtulit,
1702 2748 1769 2824 sed
1807 2752 1912 2824 ctiam
1950 2747 2078 2848 naupli·
2153 2808 2157 2824 .

409 2853 534 2926 ficavit
559 2863 666 2950 atque
692 2857 727 2926 in
753 2855 934 2929 meliorem
959 2857 1046 2927 artis
1072 2853 1218 2926 formam
1244 2849 1395 2950 redegit,
1423 2853 1472 2925 ita
1498 2861 1537 2926 nt
1563 2852 1669 2927 homo
1687 2851 1858 2947 mouns,
1885 2851 1932 2927 de
1949 2849 2079 2925 studiis

410 2955 589 3028 literarum
622 2961 839 3055 aritiqnamm
875 2956 1063 3032 serraudis
1095 2964 1133 3030 et
1158 2953 1399 3056 propagandis
1425 2959 1556 3055 optime
1581 2959 1746 3048 meritus,
1780 2959 1816 3028 iu
1849 2954 2078 3030 arithmeticis

411 3083 554 3155 quoque
580 3060 686 3134 rebus
713 3086 872 3161 magram
898 3084 969 3135 non
995 3057 1103 3134 modo
1127 3055 1222 3159 apud
1249 3057 1431 3155 aequales,
1459 3066 1498 3130 ut
1523 3057 1619 3159 apud
1645 3056 1904 3137 Cassiodornm
1924 3055 1984 3152 ³¹),
2011 3055 2080 3133 sao

412 3165 516 3234 etiam
543 3161 638 3260 apud
663 3175 832 3263 posteros
858 3165 1009 3238 haberet
1033 3166 1288 3238 auctoritatem.
1330 3160 1471 3234 Etenim
1497 3185 1601 3259 quum
1614 3161 1830 3238 Nicomachi
1852 3160 2079 3254 introductio,

408 3264 455 3340 ab
482 3264 643 3364 Apulejo
684 3265 824 3367 quidem
862 3272 897 3340 in
923 3268 1065 3341 latinum
1092 3264 1264 3338 translata
1279 3261 1343 3358 ³²),
1381 3263 1556 3359 Boethio,
1597 3265 1795 3368 disciplinis
1827 3265 2082 3340 mathematicis

410 3391 545 3442 sumno
584 3368 703 3444 studio
744 3374 907 3463 vacanti,
961 3395 1032 3446 uon
1070 3369 1294 3443 satisfecisse
1332 3365 1513 3461 videatur,
1554 3373 1633 3472 ipse
1675 3369 1825 3444 summ
1863 3361 2080 3443 Nicomachi

409 3471 536 3544 librum
574 3472 685 3547 latino
725 3497 888 3549 sermone
927 3475 1040 3548 libere
1079 3473 1260 3547 convertit
1276 3467 1327 3565 33)
1364 3475 1540 3570 utcumque
1575 3471 1842 3564 additamentis,
1883 3493 1974 3568 quae
2006 3488 2082 3542 rem

410 3573 536 3647 melius
576 3588 847 3675 promoverent,
888 3577 1087 3653 adornavit.
1140 3575 1266 3650 Utrum
1306 3597 1397 3648 vero
1438 3599 1487 3648 ex
1526 3601 1593 3650 suo
1627 3579 1741 3676 ipsios
1774 3597 1869 3675 pean
1894 3572 1986 3668 hacq
2013 3570 2081 3646 de·-

410 3683 633 3779 pronpserit,
674 3679 771 3778 quod
796 3679 877 3753 mihi
905 3692 962 3754 est
1013 3702 1205 3768 ersuasum
1231 3695 1277 3748 au
1303 3676 1409 3750 alium
1435 3677 1650 3754 Nicomachi
1677 3679 1803 3756 libro!
1829 3701 1922 3752 nuuc
1948 3676 2082 3779 deper-

410 3780 539 3874 dihun,
580 3790 692 3879 τέχνην
713 3785 942 3882 ἀριθμητικήν,
961 3781 1012 3876 3)
1047 3787 1082 3854 in
1108 3783 1256 3855 brevius
1299 3785 1519 3854 contraxerit
1558 3792 1596 3857 et
1634 3786 1783 3884 sparsim
1817 3783 2080 3882 hiterposucrit

411 3883 507 3982 qnod
543 3884 603 3957 alii
642 3897 785 3986 putant,
822 3886 869 3960 ad
903 3885 1070 3984 liqsridm
1097 3883 1244 3985 pernhach
1271 3902 1342 3956 uon
1367 3891 1497 3982 potest.
1550 3885 1736 3978 Boetlrins,
1764 3895 1803 3958 ut
1828 3885 1908 3985 ipse
1933 3882 2020 3960 dicit
2045 3887 2082 3956 in

410 3987 641 4086 praefatione,
671 3988 714 4078 Q.
737 3991 892 4065 Aurelio
918 3987 1135 4088 Syrmeho
1163 3987 1321 4060 Patricio
1349 3990 1527 4086 inscripta,
1555 3987 1626 4062 hoc
1653 3991 1687 4062 in
1714 3989 1806 4062 libro
1829 4013 1903 4064 nun
1929 3991 2081 4064 αΙΙιιὶιιι

480 4320 527 4382 27)
538 4313 638 4368 Floruit
657 4313 691 4368 ab
709 4315 786 4368 initio
804 4315 907 4369 saecoli
926 4313 1041 4368 succindi
1058 4312 1177 4386 postCh.
1197 4319 1260 4368 ante
1277 4312 1468 4368 dambliehoni.
1488 4313 1704 4381 —281Locian
1718 4315 1849 4385 l‘hilopot.
1870 4333 1893 4370 c.
1907 4315 2076 4387 ΙΙᾶριθμέιις

411 4382 444 4444 sii
462 4383 613 4450 Νικόμαχος
630 4381 646 4436 ὁ
664 4381 810 4464 repararis.
830 4415 863 4425 -
881 4389 927 4452 ΙΙΙ)
945 4383 1092 4441 lamblichi
1110 4381 1338 4438 Commentariun
1357 4383 1440 4440 edidit
1457 4383 1531 4441 Sam.
1549 4383 1700 4440 Tennolius
1718 4383 1884 4440 Aruhcmiac
1905 4391 1980 4452 letti,
1999 4394 2023 4444 c.
2042 4417 2077 4428 -

410 4455 457 4522 30)
477 4449 589 4508 Praeter
605 4449 737 4518 Plutonis,
756 4453 915 4508 Aristotelis
933 4461 961 4506 et
976 4449 1123 4508 Ptolemaei
1143 4451 1243 4522 scripta
1263 4449 1310 4520 (cl.
1328 4452 1487 4508 cassiodori
1505 4448 1570 4509 Ver.
1591 4453 1616 4520 Ι,
1643 4459 1689 4522 tc)
1708 4453 1777 4508 duos
1794 4447 1916 4508 Euclidis
1939 4453 2025 4512 libros
2043 4456 2077 4515 tte

410 4523 560 4592 geometria
577 4521 662 4576 latine
680 4521 806 4578 reddidit
832 4551 866 4564 -
884 4525 931 4591 ct)
949 4517 991 4575 De
1010 4519 1125 4578 Arithm-
1151 4537 1178 4593 ιι.
1205 4525 1272 4584 δῚΙι
1295 4519 1366 4579 addc
1389 4515 1551 4576 Theoderici
1576 4523 1648 4594 regin
1662 4521 1798 4593 judicium
1817 4515 1850 4576 dc
1870 4517 1984 4580 boethio
2004 4515 2077 4596 apud

411 4591 567 4648 cassiodor.
588 4587 653 4646 Ver.
671 4587 694 4652 l,
713 4596 747 4648 4⁵
784 4630 791 4645 .
809 4595 844 4648 4³
862 4609 904 4664 sq,
922 4599 950 4646 et
967 4589 1001 4657 ll,
1019 4597 1054 4648 to
1070 4610 1097 4664 p.
1115 4595 1158 4646 79.
1177 4618 1212 4630 -
1229 4593 1277 4662 32)
1295 4587 1361 4646 Eam
1379 4598 1469 4648 aetate
1486 4586 1593 4646 Boethii
1619 4609 1653 4647 su
1674 4591 1793 4648 erstitem
1812 4587 1899 4646 luisse
1918 4610 1950 4646 ex
1970 4593 2077 4652 Cassio·

410 4659 478 4736 dorp
497 4657 532 4712 dc
550 4657 667 4737 arithm.
685 4678 711 4732 p.
730 4608 783 4716 aih
801 4657 930 4732 colligere
948 4661 1047 4732 possis.
1066 4689 1099 4707 -
1116 4663 1165 4730 38)
1183 4660 1382 4737 (qumcmurnt
1400 4676 1465 4738 corn
1481 4655 1637 4716 cassiodor.
1656 4609 1720 4716 Nar.
1741 4653 1763 4726 Ι,
1780 4665 1814 4716 ΙΙ
1833 4667 1860 4714 et
1871 4657 1957 4740 brith.
1977 4681 2002 4734 p.
2016 4663 2075 4718 bib

410 4726 624 4784 Arnomncmn
649 4760 684 4774 .-
710 4727 790 4798 aprnd
808 4727 934 4788 marcos
957 4723 1148 4786 remanete
1171 4725 1353 4799 debeantur
1410 4735 1475 4784 siut.
1510 4723 1596 4784 Heme
1613 4745 1737 4801 mnium
1760 4721 1963 4790 Madaurensi
1980 4729 2011 4786 A
2063 4785 2065 4787 .

408 4790 497 4868 lejus,
525 4793 623 4878 &inde
647 4795 813 4872 muqatflcru
838 4795 892 4881 uir·
901 4795 1035 4854 Boethium
1057 4796 1145 4880 lunc
1161 4813 1287 4854 sermone
1303 4745 1470 4863 demtum
1489 4793 1626 4858 Romanis
1652 4795 1972 4880 contuditlecb'tundrmn
2004 4745 2076 4856 {1²ss

410 4863 561 4990 eqdennkqx
576 4859 622 4922 hs
639 4863 740 4924 bansta
757 4861 839 4929 habet
857 4865 952 4931 erar.
971 4863 1074 4941 litspnl.
1092 4863 1168 4939 orig.
1189 4865 1278 4933 ula
1298 4898 1333 4910 -
1349 4871 1396 4936 ³⁴)
1415 4865 1647 4940 Commemoratur
1665 4886 1681 4924 a
1699 4860 1797 4940 Phoco
1816 4861 1886 4924 mol.
1914 4869 1961 4926 18?
1980 4887 2006 4942 p.
2027 4873 2076 4931 tm

407 4951 427 4992 e
446 4973 453 4988 ⁰
495 4950 510 4990 e
553 4974 560 4988 ι
2054 4986 2067 5003 1.
